@article{wolf2019photochemical,
	title={The photochemical ring-opening of 1, 3-cyclohexadiene imaged by ultrafast electron diffraction},
	author={Wolf, Thomas JA and Sanchez, David M and Yang, J and Parrish, RM and Nunes, JPF and Centurion, M and Coffee, R and Cryan, JP and G{\"u}hr, Markus and Hegazy, Kareem and others},
	journal={Nature chemistry},
	volume={11},
	number={6},
	pages={504--509},
	year={2019},
	publisher={Nature Publishing Group}
}

@article{stankus2019ultrafast,
	title={Ultrafast X-ray scattering reveals vibrational coherence following Rydberg excitation},
	author={Stankus, Brian and Yong, Haiwang and Zotev, Nikola and Ruddock, Jennifer M and Bellshaw, Darren and Lane, Thomas J and Liang, Mengning and Boutet, S{\'e}bastien and Carbajo, Sergio and Robinson, Joseph S and others},
	journal={Nature chemistry},
	volume={11},
	number={8},
	pages={716--721},
	year={2019},
	publisher={Nature Publishing Group}
}

@article{yong2019scattering,
	title={Scattering off molecules far from equilibrium},
	author={Yong, Haiwang and Ruddock, Jennifer M and Stankus, Brian and Ma, Lingyu and Du, Wenpeng and Goff, Nathan and Chang, Yu and Zotev, Nikola and Bellshaw, Darren and Boutet, S{\'e}bastien and others},
	journal={The Journal of Chemical Physics},
	volume={151},
	number={8},
	pages={084301},
	year={2019},
	publisher={AIP Publishing LLC}
}

@article{moreno2019ab,
	title={Ab initio calculation of total x-ray scattering from molecules},
	author={Moreno Carrascosa, Andr{\'e}s and Yong, Haiwang and Crittenden, Deborah L and Weber, Peter M and Kirrander, Adam},
	journal={Journal of Chemical Theory and Computation},
	volume={15},
	number={5},
	pages={2836--2846},
	year={2019},
	publisher={ACS Publications}
}

@article{yong2021determination,
	title={Determination of excited state molecular structures from time-resolved gas-phase X-ray scattering},
	author={Yong, Haiwang and Carrascosa, Andr{\'e}s Moreno and Ma, Lingyu and Stankus, Brian and Minitti, Michael P and Kirrander, Adam and Weber, Peter M},
	journal={Faraday Discussions},
	volume={228},
	pages={104--122},
	year={2021},
	publisher={Royal Society of Chemistry}
}

@article{northey2016elastic,
	title={Elastic X-ray scattering from state-selected molecules},
	author={Northey, Thomas and Moreno Carrascosa, Andr{\'e}s and Sch{\"a}fer, Steffen and Kirrander, Adam},
	journal={The Journal of Chemical Physics},
	volume={145},
	number={15},
	pages={154304},
	year={2016},
	publisher={AIP Publishing LLC}
}

@article{northey2014ab,
	title={Ab initio calculation of molecular diffraction},
	author={Northey, Thomas and Zotev, Nikola and Kirrander, Adam},
	journal={Journal of Chemical Theory and Computation},
	volume={10},
	number={11},
	pages={4911--4920},
	year={2014},
	publisher={ACS Publications}
}


